@article{miller2018robust,
  title={Robust Bayesian inference via coarsening},
  author={Miller, Jeffrey W and Dunson, David B},
  journal={Journal of the American Statistical Association},
  pages={1--13},
  year={2018},
  publisher={Taylor \& Francis}
}
---
